
@misc{web,
	title = {Random Website},
	url = {https://scholar.google.com/},
	urldate = {2022-10-06},
}

@book{book,
	title = {Beispielbuch},
	isbn = {123-4-567-890},
	publisher = {Beispielverlag},
	author = {Charles David},
	date = {2021},
	
}
